@article{lindquist2008statistical,
  title={The statistical analysis of fMRI data},
  author={Lindquist, Martin A and others},
  journal={Statistical Science},
  volume={23},
  number={4},
  pages={439--464},
  year={2008},
  publisher={Institute of Mathematical Statistics}, 
  note={"\url{http://arxiv.org/abs/0906.3662}"}
}


@article{CohenSelfControl,
  title={The Development and Generality of Self-Control},
  author={Jessica Rachel Cohen},
  journal={ProQuest},
  pages={164},
  year={2009},
  publisher={Umi Dissertation Publishing},
  note={"\url{http://gradworks.umi.com/34/01/3401764.html}"}
}

@article{ghasemi2012normality,
  title={Normality tests for statistical analysis: a guide for non-statisticians},
  author={Ghasemi, Asghar and Zahediasl, Saleh},
  journal={International journal of endocrinology and metabolism},
  volume={10},
  number={2},
  pages={486},
  year={2012},
  publisher={Kowsar Medical Institute},
  note={"\url{http://www.ncbi.nlm.nih.gov/pmc/articles/PMC3693611/}"}
}

@misc{brett2015course,
author={Brett, Matthew and Poline, J-B},
title={Course on Practical Neuroimaging in Python --- Practical neuroimaging analysis},
note={"\url{http://practical-neuroimaging.github.io/on_convolution.html}"},
url={http://practical-neuroimaging.github.io/on_convolution.html},
urldate={2015-11-30}
}

@misc{weissten2015convolution,
author={Weissten, Eric W.},
title={Convolution, MathWorld - A Wolfram Web Resource},
note={"\url{http://mathworld.wolfram.com/Convolution.html}"},
url={http://mathworld.wolfram.com/Convolution.html},
urldate={2015-11-30}
}
